<?xml version="1.0" encoding="UTF-8"?><collection xmlns="http://www.loc.gov/MARC21/slim"><record><leader>00449nam--2200157-i-4500</leader><controlfield tag="001">000033377</controlfield><controlfield tag="002">20161230</controlfield><controlfield tag="005">20170125155504</controlfield><controlfield tag="008">060222s1000------------r-----000-0-eng-d</controlfield><datafield ind1=" " ind2=" " tag="245"><subfield code="a">Technique of microwave measurements. First edition, second impression</subfield></datafield><datafield ind1=" " ind2=" " tag="260"><subfield code="a">London</subfield><subfield code="b">Mcgraw-hill Book Co., Inc</subfield><subfield code="c">1947</subfield></datafield><datafield ind1=" " ind2=" " tag="300"><subfield code="a">XIX + 939 p</subfield></datafield><datafield ind1=" " ind2=" " tag="490"><subfield code="a">Radiation Laboratory Series</subfield></datafield><datafield ind1=" " ind2=" " tag="700"><subfield code="a">Dicke, R. H</subfield></datafield><datafield ind1=" " ind2=" " tag="852"><subfield code="a">888</subfield></datafield><datafield ind1=" " ind2=" " tag="CAT"><subfield code="a">SYS</subfield><subfield code="c">20170125</subfield><subfield code="h">155504</subfield></datafield></record></collection>